
@INPROCEEDINGS{Wang:02, 
author={Zhou Wang and Ligang Lu and A. C. Bovik}, 
booktitle={Proceedings. International Conference on Image Processing}, 
title={Video quality assessment using structural distortion measurement}, 
year={2002}, 
volume={3}, 
number={}, 
pages={III-65-III-68 vol.3}, 
keywords={distortion;video signal processing;VQEG;image processing;image quality;structural distortion measurement;video processing;video quality;video quality experts group;Distortion measurement;Humans;Image analysis;Image coding;Image restoration;Printing;Quality assessment;TV;Testing;Video compression}, 
doi={10.1109/ICIP.2002.1038904}, 
ISSN={1522-4880}, 
month={},}

@article{danilo:12,
	 author = {Jose Vinicius de Miranda Cardoso and  Augusto C. S. Mariano and Carlos D. M. Regis and Marcelo S. Alencar},
	 title = {Comparação das Métricas Objetivas de Qualidade de Vídeos Baseadas na Similaridade Estrutural e na Sensibilidade ao Erro},
	 journal = {Revista de Tecnologia da Informação e Comunicação},
	 year = {2012},
	 numpages = {8},
	 publisher = {Instituto de Estudo Avançados em Comunicações (IECOM)},
	 address = {Campina Grande, Brazil},
}


@article{Bjontegaard,
	 author = {Gisle Bjontegaard},
	 title = {Calculation of Average PSNR Differences Between RD-curves},
	 journal = {ITU - Telecommunications Standardization Sector},
	 year = {2001},
	 numpages = {4},
	 publisher = {Video Coding Experts Group (VCEG)},
	 address = {Austin, Texas, USA},
}

@article{Mathias,
	 author = {Mathias Wien},
	 title = {High Efficiency Video Coding: Coding Tools and Specification},
	 journal = {Signals and Communication Technology},
	 year = {2015},
	 numpages = {314},
	 publisher = {Springer},
}



@techreport {JVET:2015,
	author = {JVET},
	title  = {Algorithm Description of Joint Exploration Test Model 1 (JEM 1)},
	institution = {JVET},
	year   = {2015},
	note   = {Disponible: http://mpeg.chiariglione.org/standards/exploration/future-video-coding/n15790-algorithm-description-joint-exploration-test-model, Access: 8 April 2017},
}

@techreport {Bossen:17,
	author = {Frank Bossen and David Flynn and Karl Sharman and Karsten Sühring and Xian Li},
	title  = {JVET JEM software},
	institution = {JVET},
	year   = {2015},
	note   = {Disponible: https://jvet.hhi.fraunhofer.de/, Access: 8 April 2017},
}


@techreport {sjtu:17,
	author = {SJTU},
	title  = {SJTU 4K Video Sequences},
	institution = {SJTU},
	year   = {2013},
	note   = {Disponible: http://medialab.sjtu.edu.cn/web4k/index.html, Access: 8 April 2017},
}



@article{Bossen:15,
	author = {Frank Bossen and David Flynn and Karl Sharman and Karsten Sühring}, 
	title = {HM Software Manual}, 
	journal = {Joint Collaborative Team on Video Coding (JCT-VC) of ITU-T SG16 WP3 and ISO/IEC JTC1/SC29/WG11}, 
	year = {2015}, 
	month = {Out},
	pages = {30},
}



@article{tanref,
	author = {T. K. Tan and R. Weerakkody and M. Mrak and N. Ramzan and V. Baroncini and J. R. Ohm and G. J. Sullivan},
	title = {Video Quality Evaluation Methodology and Verification Testing of HEVC Compression Performance},
	booktitle = {IEEE Transactions on Circuits and Systems for Video Technology},
	year = {2016},
	pages = {76-90},
	month = {Jan},
}

@INPROCEEDINGS{cheon:14, 
	author={M. Cheon and J. S. Lee}, 
	booktitle={2014 IEEE International Symposium on Multimedia}, 
	title={Objective Quality Comparison of 4K UHD and Up-Scaled 4K UHD Videos}, 
	year={2014}, 
	pages={78-81}, 
	keywords={data compression;high definition video;image sequences;video coding;AVC;HEVC;MS-SSIM;VIF;VSNR;bitrates condition;high efficiency video coding;multiscale structural similarity;up-scaled 4K UHD video quality;up-scaled 4K ultra-high definition video;visual information fidelity;visual signal-to-noise ratio;Bit rate;High definition video;Lakes;Video coding;Videos;Visualization;4K;AVC;HEVC;Quality of experience;objective quality assessment;ultra high definition;up-scaling}, 
	doi={10.1109/ISM.2014.33}, 
	month={Dec},
}

@ARTICLE{Bossen:12, 
	author={F. Bossen and B. Bross and K. Suhring and D. Flynn}, 
	journal={IEEE Transactions on Circuits and Systems for Video Technology}, 
	title={HEVC Complexity and Implementation Analysis}, 
	year={2012}, 
	volume={22}, 
	number={12}, 
	pages={1685-1696}, 
	keywords={computational complexity;data compression;decoding;video coding;H.264-AVC high profile;HEVC decoders complexity;HEVC encoders;HEVC standard;coding efficiency;complexity-related aspects;high efficiency video coding standard;implementation analysis;optimized software;reference software;standardization process;video compression technology;video quality;Complexity theory;Decoding;Encoding;Transforms;Video coding;Video compression;High efficiency video coding (HEVC);video coding}, 
	doi={10.1109/TCSVT.2012.2221255}, 
	ISSN={1051-8215}, 
	month={Dec},
}

@INPROCEEDINGS{Mengzhe:15, 
	author={L. Mengzhe and J. Xiuhua and L. Xiaohua}, 
	booktitle={2015 IEEE International Conference on Computer and Communications (ICCC)}, 
	title={Analysis of H.265/HEVC, H.264 and VP9 coding efficiency based on video content complexity}, 
	year={2015}, 
	pages={420-424}, 
	keywords={video coding;H.264 coding efficiency;H.265 coding efficiency;HEVC coding efficiency;PSNR;Peak Signal to Noise Ratio;SSIM;VP9 coding efficiency;encoding time;spatio temporal activities;structural similarity;video complexity;video content complexity;video quality evaluation;video resolution;Complexity theory;Encoding;Measurement;Silicon;Streaming media;Video coding;Video sequences;complexity of video content;encoding time;objective quality;video encoder}, 
	doi={10.1109/CompComm.2015.7387608}, 
	month={Oct},
}

@INPROCEEDINGS{grois:13, 
	author={D. Grois and D. Marpe and A. Mulayoff and B. Itzhaky and O. Hadar}, 
	booktitle={2013 Picture Coding Symposium (PCS)}, 
	title={Performance comparison of H.265/MPEG-HEVC, VP9, and H.264/MPEG-AVC encoders}, 
	year={2013}, 
	pages={394-397}, 
	keywords={performance evaluation;video coding;H.264/MPEG-AVC encoder;H.265/MPEG-HEVC encoder;VP9 encoder;average bit rate savings;average bit-rate overhead;encoding time;reference software encoder implementation;video coding standards;Codecs;Encoding;Image coding;Software;Standards;Transform coding;Video coding;AVC;H.264;H.265;High Efficiency Video Coding (HEVC);VP9;coding efficiency;video coding;x264}, 
	doi={10.1109/PCS.2013.6737766}, 
	month={Dec},
}

@INPROCEEDINGS{oliveira:16, 
	author	={Jean Felipe Fonseca de Oliveira}, 
	booktitle={Tese (Doutorado) - Curso de Pós Graduação em Engenharia Elétrica}, 
	title	={Técnica de Aprendizagem Automática Aplicada a um Codificador HEVC em Tempo Real}, 
	note   	= {Departamento de Engenharia Elétrica, Campina Grande},
	institution = {Universidade Federal de Campina Grande},
	year	={2016}, 
	pages	={112}, 
}

@INPROCEEDINGS{Bjontegaard:01, 
	author={G. Bjøntegaard}, 
	title={Document VCEG-M33: Calculation of average PSNR differences between RD-curves}, 
	booktitle={ITU-T VCEG Meeting}, 
	year={2001}, 
}


@techreport{itu:10,
	author = {International Telecommunication Union},
	title = {HEVC Test Model (HM)},
	type = {Recommendation},
	institution = {ITU},
	year   = {2016},
	note   = {Disponible: https://hevc.hhi.fraunhofer.de/HM-doc/, Access: 18 January 2016},
}

@techreport{itu:265,
	author = {International Telecommunication Union},
	title = {Recommendation H.265: High Efficiency Video Coding},
	type = {Recommendation},
	institution = {ITU},
	year   = {2016},
	note   = {Disponible: https://www.itu.int/rec/T-REC-H.265, Access: 18 January 2016},
}


@techreport {msu:16,
	author = {MSU Graphics Media Lab},
	title  = {Video Codec Analysis and Testing},
	institution = {MSU Graphics Media Lab},
	year   = {2012},
	note   = {Disponible: http://compression.ru/video/codec\texttt{\_}comparison/codec\texttt{\_}analysis.html, Access: 10 August 2017},
}

@INPROCEEDINGS{Wang:16, 
	author={Y. Wang and X. Guo and Y. Lu and X. Fan and D. Zhao}, 
	booktitle={2016 IEEE International Conference on Image Processing (ICIP)}, 
	title={GPU-based optimization for sample adaptive offset in HEVC}, 
	year={2016}, 
	volume={}, 
	number={}, 
	pages={829-833}, 
	keywords={computational complexity;graphics processing units;optimisation;video coding;GPU-based optimization algorithm;HEVC standard;SAO complexity reduction;bit-rate reduction;coding efficiency improvement;high efficiency video coding standard;open source HEVC encoder;processing time reduction;real-time encoding;sample adaptive offset;visual quality;Algorithm design and analysis;Central Processing Unit;Complexity theory;Encoding;Graphics processing units;Optimization;Parallel processing;GPU;HEVC;SAO;X265}, 
	doi={10.1109/ICIP.2016.7532473}, 
	ISSN={}, 
	month={Sept},
}


@techreport {netflix:16,
	author = {Zhi Li and Anne Aaron and Ioannis Katsavounidis and Anush Moorthy and Megha Manohara},
	title  = {Toward A Practical Perceptual Video Quality Metric},
	institution = {Netflix},
	year   = {2016},
	note   = {Disponible: http://techblog.netflix.com/2016/06/toward-practical-perceptual-video.html, Access: 10 January 2016},
}


@techreport {cisco:16,
	author = {CISCO},
	title  = {Cisco VNI Forecast and Methodology, 2015-2020},
	institution = {CISCO},
	year   = {2016},
	note   = {Disponible: http://www.cisco.com/c/en/us/solutions/collateral/service-provider/visual-networking-index-vni/vni-hyperconnectivity-wp.html, Access: 8 January 2016},
}

@techreport{Bossen:13,
	 author = {F. Bossen},
	 title = {Common HM test conditions and software reference configurations},
	 institution = {JCT-VC},
	 year = {2013},
	 note   = {Disponible: http://phenix.it-sudparis.eu/, Access: 18 January 2017},
} 

@inproceedings{gomes:13,
 author = {Gomes, Ruan Delgado and Costa, Yuri Gonzaga Gon\c{c}alves da and Aquino J\'{u}nior, Lucenildo Lins and Silva Neto, Manoel Gomes da and Duarte, Alexandre N\'{o}brega and Souza Filho, Guido Lemos de},
 title = {A Solution for Transmitting and Displaying UHD 3D Raw Videos Using Lossless Compression},
 booktitle = {Proceedings of the 19th Brazilian Symposium on Multimedia and the Web},
 series = {WebMedia '13},
 year = {2013},
 isbn = {978-1-4503-2559-2},
 location = {Salvador, Brazil},
 pages = {173--176},
 numpages = {4},
 url = {http://doi.acm.org/10.1145/2526188.2526228},
 doi = {10.1145/2526188.2526228},
 acmid = {2526228},
 publisher = {ACM},
 address = {New York, NY, USA},
 keywords = {4K, 4K-3D, UHD videos, lossless video compression},
} 


@INPROCEEDINGS{wang:13, 
author={C. C. Wang and Y. C. Liao and J. W. Wang and C. W. Tung}, 
booktitle={2014 International Symposium on Computer, Consumer and Control}, 
title={An Effective TU Size Decision Method for Fast HEVC Encoders}, 
year={2014}, 
pages={1195-1198}, 
keywords={adaptive codes;discrete cosine transforms;image sequences;quadtrees;transform coding;video coding;ARD-NNZ-ETDA;CU reduction;ETDA;NNZ;PU reduction;TIR;TU size decision method;active motion sequence;adaptive RQT depth for NNZ- ETDA;computational load reduction;discrete cosine transform;early TU decision algorithm;encoding process;fast HEVC encoder;fast encoding method;high efficiency video coding;image quality;number of nonzero DCT coefficient;residual quadtree;temporal-spatial correlation;time improving ratio;transformation unit encoding complexity;video sequence;Bit rate;Correlation;Discrete cosine transforms;Encoding;PSNR;Video coding;Video sequences;DCT;HEVC;RQT;temporal-spatial correlation}, 
doi={10.1109/IS3C.2014.310}, 
month={June},}

@INPROCEEDINGS{Yoon:13, 
author={J. S. Yoon and C. Lee and C. Park and G. Lee and K. Lee and S. Roh and M. Jeon and Y. Jung and J. Oh and J. A. Lee}, 
booktitle={2013 International SoC Design Conference (ISOCC)}, 
title={An H.265/HEVC codec for UHD(3840 x00D7;2160) capturing and playback}, 
year={2013}, 
pages={218-220}, 
keywords={codecs;motion compensation;motion estimation;video coding;H.265/HEVC codec;HM reference model;UHD capturing;UHD playback;bit rate 1.2 Gbit/s;bit rate 2 Gbit/s;external memory bandwidth;internal memory;memory size 170 KByte;motion compensation;motion estimation;pixel cache;power 190 mW;power 56 mW;reference pixel read;size 0.97 mm;size 20 nm;Bandwidth;Codecs;Decoding;Encoding;PSNR;Standards;Video coding;H.265/HEVC;VLSI;Video compression}, 
doi={10.1109/ISOCC.2013.6864013}, 
month={Nov},}

@INPROCEEDINGS{Hanhart:12, 
author={Philippe Hanhart and Martin Rerabek and Francesca De Simone and Touradj Ebrahimi}, 
booktitle={Applications of Digital Image Processing XXXV}, 
title={Subjective quality evaluation of the upcoming HEVC video compression standard}, 
year={2012}, 
}

@ARTICLE{Sullivan:12, 
author={G. J. Sullivan and J. R. Ohm and W. J. Han and T. Wiegand}, 
journal={IEEE Transactions on Circuits and Systems for Video Technology}, 
title={Overview of the High Efficiency Video Coding (HEVC) Standard}, 
year={2012}, 
volume={22}, 
number={12}, 
pages={1649-1668}, 
keywords={video coding;HEVC standardization effort;ISO-IEC Moving Picture Experts Group;ITU-T Video Coding Experts Group;bit-rate reduction;compression performance improvement;equal perceptual video quality;high efficiency video coding standard;technical features;ISO standards;MPEG 4 Standard;MPEG standards;Video coding;Video compression;Advanced video coding (AVC);H.264;High Efficiency Video Coding (HEVC);Joint Collaborative Team on Video Coding (JCT-VC);MPEG-4;Moving Picture Experts Group (MPEG);Video Coding Experts Group (VCEG);standards;video compression}, 
doi={10.1109/TCSVT.2012.2221191}, 
ISSN={1051-8215}, 
month={Dec},}


@ARTICLE{Correa:12, 
author={G. Correa and P. Assuncao and L. Agostini and L. A. da Silva Cruz}, 
journal={IEEE Transactions on Circuits and Systems for Video Technology}, 
title={Performance and Computational Complexity Assessment of High-Efficiency Video Encoders}, 
year={2012}, 
volume={22}, 
number={12}, 
pages={1899-1909}, 
keywords={computational complexity;video coding;HEVC encoder;baseline encoder;coding efficiency;complexity-constrained encoders;computational complexity assessment;high efficiency video coding standard;performance evaluation study;Bit rate;Computational complexity;Decoding;Encoding;Standards;Video coding;Computational complexity;high Efficiency Video Coding (HEVC);video coding complexity}, 
doi={10.1109/TCSVT.2012.2223411}, 
ISSN={1051-8215}, 
month={Dec},}



@INPROCEEDINGS{Weerakkody:14, 
author={R. Weerakkody and M. Mrak and V. Baroncini and J. R. Ohm and T. K. Tan and G. J. Sullivan}, 
booktitle={2014 IEEE Global Conference on Signal and Information Processing (GlobalSIP)}, 
title={Verification testing of HEVC compression performance for UHD video}, 
year={2014}, 
pages={1083-1087}, 
keywords={data compression;video coding;HEVC compression performance;HEVC standard;PSNR objective quality metric;UHD video content;bit rate savings;degradation category rating test methodology;high efficiency video coding;high-quality coding range;peak signal-to-noise ratio;subjective tests;ultra high definition video;verification testing;video quality;Bit rate;Encoding;Multimedia communication;PSNR;Quality assessment;Standards;Video coding}, 
doi={10.1109/GlobalSIP.2014.7032288}, 
month={Dec},}
